@InProceedings{trend2015,
    author = {S. Hendrickson and J. Kolb and B. Lehman and J. Montague.},
    title = {Trend detection in social data},
    booktitle = {Technical report, Twitter Inc},
    month = {June},
    year = {2015},
}

@inproceedings{gilbert2014vader,
  title={Vader: A parsimonious rule-based model for sentiment analysis of social media text},
  author={Gilbert, CHE and Hutto, Erric},
  booktitle={Eighth International Conference on Weblogs and Social Media (ICWSM-14). Available at (20/04/16) http://comp. social. gatech. edu/papers/icwsm14. vader. hutto. pdf},
  volume={81},
  pages={82},
  year={2014}
}

@inproceedings{akbik2019flair,
  title={FLAIR: An easy-to-use framework for state-of-the-art NLP},
  author={Akbik, Alan and Bergmann, Tanja and Blythe, Duncan and Rasul, Kashif and Schweter, Stefan and Vollgraf, Roland},
  booktitle={{NAACL} 2019, 2019 Annual Conference of the North American Chapter of the Association for Computational Linguistics (Demonstrations)},
  pages={54--59},
  year={2019}
}